@misc{Lant2010,
author = {Lant, Michael},
booktitle = {Software Development, Agile Methods and the Intersection of People Process and Technology},
title = {{How To Make Your Project Not Suck by Using an Agile Project Charter}},
url = {http://michaellant.com/2010/05/18/how-to-make-your-project-not-suck/},
year = {2010}
}
@book{Rubin2012,
author = {Rubin, Kenneth S},
edition = {1st},
isbn = {0137043295, 9780137043293},
publisher = {Addison-Wesley Professional},
title = {{Essential Scrum: A Practical Guide to the Most Popular Agile Process}},
year = {2012}
}
@techreport{,
institution = {U.S. Department of Defense},
pages = {2--7},
title = {{DOD Sample Phase I Proposal}},
url = {http://www.acq.osd.mil/osbp/sbir/sb/resources/sample-proposals.shtml},
year = {2011}
}
@report{Petrovan2021,
author = {Petrovan, Bogdan},
articletitle = {10 Of the Best Electric Skateboards You Can Buy in 2021},
url = {https://greenauthority.com/best-electric-skateboards-337/} ,
year = {2021}
}
@report{Fox2016,
author = {Fox, T.S},
articletitle = {Audi Packed an Electric, Autonomous Longboard into the Bumper of Its Q3 SUV},
url = {https://hypebeast.com/2016/4/audi-q3-connected-mobility-concept-autonomous-longboard. } ,
year = {2016}
}
@report{Henry2018,
author = {Casey, Henry T.},
articletitle = {The Ovis Smart Luggage Followed Me around so Well I Might Buy It},
url = {https://www.tomsguide.com/us/ovis-smart-suitcase-hands-off-testing,news-27285.html} ,
year = {2018}
}
